@inbook{approaches,
    author = {Felfernig, A. and Jeran, Michael and Ninaus, Gerald and Reinfrank, Florian and Reiterer, Stefan and Stettinger, Martin},
    year = {2014},
    month = {12},
    pages = {15-37},
    title = {Basic Approaches in Recommendation Systems},
    doi = {10.1007/978-3-642-45135-5__2}
}
