@online{wiki:knn,
  author       = "Wikipedia",
  title        = "k-nearest neighbors algorithm",
  howpublished = "Википедия, свободная энциклопедия",
  year         = 1992,
  url          = {https://en.wikipedia.org/wiki/K-nearest_neighbors_algorithm},
  urldate      = "21.12.2020",
  language     = "english"
}
